<?xml version="1.0" encoding="UTF-8"?><collection xmlns="http://www.loc.gov/MARC21/slim"><record><leader>00792nam--2200181-u-4500</leader><controlfield tag="001">000051420</controlfield><controlfield tag="002">20161230</controlfield><controlfield tag="005">20161230201049</controlfield><controlfield tag="008">080714s1000------------r-----000-0-eng-d</controlfield><datafield ind1=" " ind2=" " tag="020"><subfield code="a">0-8218-2708-1</subfield></datafield><datafield ind1=" " ind2=" " tag="040"><subfield code="a">IFIN-HH</subfield></datafield><datafield ind1=" " ind2=" " tag="080"><subfield code="a">517.57</subfield></datafield><datafield ind1="1" ind2=" " tag="100"><subfield code="a">Perez-esteva, S</subfield></datafield><datafield ind1="1" ind2="0" tag="245"><subfield code="a">Second summer school in analysis and mathematical physics. topics in analysis: harmonic, complex, nonlinear and quantization. second summer school in analysis and mathematical physics cuernavaca morelos, mexico, june2 20-22, 2000</subfield><subfield code="c">Salvador perez-esteva, carlos villegas-blas (eds.)</subfield></datafield><datafield ind1=" " ind2=" " tag="260"><subfield code="a">Providence</subfield><subfield code="b">American Mathematical Society</subfield><subfield code="c">2001</subfield></datafield><datafield ind1=" " ind2=" " tag="490"><subfield code="a">Contemporary Mathematics. Aportaciones Mathematicas. Sociedad Matematica Mexicana</subfield><subfield code="v">Vol.289</subfield></datafield><datafield ind1=" " ind2=" " tag="852"><subfield code="a">81694</subfield><subfield code="c">517</subfield></datafield><datafield ind1=" " ind2=" " tag="CAT"><subfield code="a">Sys</subfield><subfield code="c">20150219</subfield><subfield code="h">154352</subfield></datafield></record></collection>